<record><leader>00000cas a22000007a 4500</leader><controlfield tag="001">19496162</controlfield><controlfield tag="008">890405d18771889laudn ne      0    0ger d</controlfield><datafield ind1=" " ind2=" " tag="010"><subfield code="a">sn 89059097 </subfield></datafield><datafield ind1=" " ind2=" " tag="040"><subfield code="a">LNP</subfield><subfield code="b">eng</subfield><subfield code="c">LNP</subfield><subfield code="d">OCL</subfield><subfield code="d">YOX</subfield><subfield code="d">OCLCQ</subfield></datafield><datafield ind1=" " ind2=" " tag="019"><subfield code="a">14257726</subfield></datafield><datafield ind1=" " ind2=" " tag="042"><subfield code="a">msc</subfield></datafield><datafield ind1="0" ind2=" " tag="130"><subfield code="a">Ta&#776;gliche deutsche Zeitung (New Orleans, La. : 1877)</subfield></datafield><datafield ind1="1" ind2="0" tag="245"><subfield code="a">Ta&#776;gliche deutsche Zeitung.</subfield></datafield><datafield ind1="3" ind2="0" tag="246"><subfield code="a">Sonntags-Blatt der New-Orleans deutschen Zeitung</subfield></datafield><datafield ind1=" " ind2=" " tag="260"><subfield code="a">New-Orleans [La.] :</subfield><subfield code="b">Jacob Hassinger</subfield></datafield><datafield ind1=" " ind2=" " tag="300"><subfield code="a">v.</subfield></datafield><datafield ind1=" " ind2=" " tag="310"><subfield code="a">Daily (except Mon.)</subfield></datafield><datafield ind1="0" ind2=" " tag="362"><subfield code="a">Jahrg. 30, no. 8466 (1 Aug. 1877)-</subfield></datafield><datafield ind1="1" ind2=" " tag="362"><subfield code="a">Ceased in 1889?</subfield></datafield><datafield ind1=" " ind2=" " tag="500"><subfield code="a">On Sunday published as: Sonntags-Blatt der New-Orleans deutschen Zeitung.</subfield></datafield><datafield ind1=" " ind2=" " tag="752"><subfield code="a">United States</subfield><subfield code="b">Louisiana</subfield><subfield code="c">Orleans</subfield><subfield code="d">New Orleans.</subfield></datafield><datafield ind1="0" ind2="0" tag="780"><subfield code="t">New-Orleans ta&#776;gliche deutsche Zeitung</subfield><subfield code="w">(DLC)sn 86079071</subfield></datafield><datafield ind1="0" ind2="0" tag="785"><subfield code="t">New Orleans deutsche Zeitung (New Orleans, La. : Daily)</subfield><subfield code="w">(DLC)sn 89059098</subfield></datafield><datafield ind1="1" ind2=" " tag="029"><subfield code="a">AU@</subfield><subfield code="b">000025905410</subfield></datafield></record>